<record><leader>00000cas a22000007a 4500</leader><controlfield tag="001">11013679</controlfield><controlfield tag="008">840802d18891969njudn ne      0    0eng  </controlfield><datafield ind1=" " ind2=" " tag="010"><subfield code="a">sn 84020522 </subfield></datafield><datafield ind1=" " ind2=" " tag="040"><subfield code="a">DLC</subfield><subfield code="b">eng</subfield><subfield code="c">DLC</subfield><subfield code="d">NPA</subfield><subfield code="d">NJW</subfield><subfield code="d">NYS</subfield><subfield code="d">MGN</subfield><subfield code="d">OCLCQ</subfield></datafield><datafield ind1=" " ind2=" " tag="042"><subfield code="a">msc</subfield></datafield><datafield ind1="0" ind2="0" tag="050"><subfield code="a">Newspaper 7002</subfield></datafield><datafield ind1="0" ind2=" " tag="130"><subfield code="a">Morning call (Paterson, N.J. : 1889)</subfield></datafield><datafield ind1="1" ind2="4" tag="245"><subfield code="a">The morning call.</subfield></datafield><datafield ind1="3" ind2="0" tag="246"><subfield code="a">New morning call</subfield></datafield><datafield ind1=" " ind2=" " tag="260"><subfield code="a">Paterson, N.J. :</subfield><subfield code="b">[s.n.],</subfield><subfield code="c">-1969.</subfield></datafield><datafield ind1=" " ind2=" " tag="300"><subfield code="a">v. :</subfield><subfield code="b">ill. ;</subfield><subfield code="c">63 cm.</subfield></datafield><datafield ind1=" " ind2=" " tag="310"><subfield code="a">Daily (except Sun.)</subfield></datafield><datafield ind1="1" ind2=" " tag="362"><subfield code="a">Began Jan. 28, 1889.</subfield></datafield><datafield ind1="0" ind2=" " tag="362"><subfield code="a">-v. 175, no. 149 (Dec. 20, 1969).</subfield></datafield><datafield ind1=" " ind2=" " tag="500"><subfield code="a">Published as: New morning call, Sept. 5, 1964-Apr. 10, 1965.</subfield></datafield><datafield ind1=" " ind2=" " tag="500"><subfield code="a">Independent. Cf. Ayer, 1970.</subfield></datafield><datafield ind1=" " ind2=" " tag="500"><subfield code="a">Publisher: Call Print. &amp; Pub. Co., &lt;1945-</subfield></datafield><datafield ind1=" " ind2=" " tag="530"><subfield code="a">Also issued on microfilm by the Micro Photo Div., Bell &amp; Howell.</subfield></datafield><datafield ind1=" " ind2=" " tag="588"><subfield code="a">Description based on: Vol. 20, no. 148 (June 23, 1892).</subfield></datafield><datafield ind1=" " ind2=" " tag="752"><subfield code="a">United States</subfield><subfield code="b">New Jersey</subfield><subfield code="c">Passaic</subfield><subfield code="d">Paterson.</subfield></datafield><datafield ind1="0" ind2="0" tag="780"><subfield code="t">Paterson morning call</subfield><subfield code="w">(DLC)sn 85035892</subfield><subfield code="w">(OCoLC)12290806</subfield></datafield><datafield ind1="0" ind2="7" tag="785"><subfield code="t">Morning news (Paterson, N.J. : 1967)</subfield></datafield><datafield ind1="0" ind2="7" tag="785"><subfield code="t">Morning news, The call</subfield><subfield code="w">(DLC)sn 86077197</subfield><subfield code="w">(OCoLC)14066838</subfield></datafield></record>